@article{tmap,
  title={Visualization of very large high-dimensional data sets as minimum spanning trees},
  author={Probst, Daniel and Reymond, Jean-Louis},
  journal={Journal of Cheminformatics},
  volume={12},
  number={1},
  pages={1--13},
  year={2020},
  publisher={BioMed Central}
}

@article{probst2018probabilistic,
  title={A probabilistic molecular fingerprint for big data settings},
  author={Probst, Daniel and Reymond, Jean-Louis},
  journal={Journal of cheminformatics},
  volume={10},
  number={1},
  pages={66},
  year={2018},
  publisher={Springer}
}

@article{kruskal1964multidimensional,
  title={Multidimensional scaling by optimizing goodness of fit to a nonmetric hypothesis},
  author={Kruskal, Joseph B},
  journal={Psychometrika},
  volume={29},
  number={1},
  pages={1--27},
  year={1964},
  publisher={Springer}
}

@article{buja2008data,
  title={Data visualization with multidimensional scaling},
  author={Buja, Andreas and Swayne, Deborah F and Littman, Michael L and Dean, Nathaniel and Hofmann, Heike and Chen, Lisha},
  journal={Journal of computational and graphical statistics},
  volume={17},
  number={2},
  pages={444--472},
  year={2008},
  publisher={Taylor \& Francis}
}

@article{maaten2008visualizing,
  title={Visualizing data using t-SNE},
  author={Maaten, Laurens van der and Hinton, Geoffrey},
  journal={Journal of machine learning research},
  volume={9},
  number={Nov},
  pages={2579--2605},
  year={2008}
}

@inproceedings{hinton2003stochastic,
  title={Stochastic neighbor embedding},
  author={Hinton, Geoffrey E and Roweis, Sam T},
  booktitle={Advances in neural information processing systems},
  pages={857--864},
  year={2003}
}

@article{venna2006local,
  title={Local multidimensional scaling},
  author={Venna, Jarkko and Kaski, Samuel},
  journal={Neural Networks},
  volume={19},
  number={6-7},
  pages={889--899},
  year={2006},
  publisher={Elsevier}
}

@article{mcinnes2018umap,
  title={Umap: Uniform manifold approximation and projection for dimension reduction},
  author={McInnes, Leland and Healy, John and Melville, James},
  journal={arXiv preprint arXiv:1802.03426},
  year={2018}
}

@article{roweis2000nonlinear,
  title={Nonlinear dimensionality reduction by locally linear embedding},
  author={Roweis, Sam T and Saul, Lawrence K},
  journal={science},
  volume={290},
  number={5500},
  pages={2323--2326},
  year={2000},
  publisher={American Association for the Advancement of Science}
}

@article{tenenbaum2000global,
  title={A global geometric framework for nonlinear dimensionality reduction},
  author={Tenenbaum, Joshua B and De Silva, Vin and Langford, John C},
  journal={science},
  volume={290},
  number={5500},
  pages={2319--2323},
  year={2000},
  publisher={American Association for the Advancement of Science}
}

@article{mokbel2013visualizing,
  title={Visualizing the quality of dimensionality reduction},
  author={Mokbel, Bassam and Lueks, Wouter and Gisbrecht, Andrej and Hammer, Barbara},
  journal={Neurocomputing},
  volume={112},
  pages={109--123},
  year={2013},
  publisher={Elsevier}
}

@phdthesis{chen2006local,
  title={Local multidimensional scaling for nonlinear dimension reduction, graph layout and proximity analysis},
  author={Chen, Lisha and Buja, Andreas},
  year={2006},
  school={University of Pennsylvania Ph. D. dissertation}
}

@article{lee2009quality,
  title={Quality assessment of dimensionality reduction: Rank-based criteria},
  author={Lee, John A and Verleysen, Michel},
  journal={Neurocomputing},
  volume={72},
  number={7-9},
  pages={1431--1443},
  year={2009},
  publisher={Elsevier}
}

@inproceedings{roman2017assessing,
  title={Assessing Deep Learning Architectures for Visualizing Maya Hieroglyphs},
  author={Roman-Rangel, Edgar and Marchand-Maillet, Stephane},
  booktitle={Mexican Conference on Pattern Recognition},
  pages={137--146},
  year={2017},
  organization={Springer}
}

@inproceedings{balamurali2016t,
  title={t-SNE based visualisation and clustering of geological domain},
  author={Balamurali, Mehala and Melkumyan, Arman},
  booktitle={International Conference on Neural Information Processing},
  pages={565--572},
  year={2016},
  organization={Springer}
}